@comment{x-kbibtex-personnameformatting=<%l><, %f>}

%% This BibTeX bibliography file was created using BibDesk.
%% http://bibdesk.sourceforge.net/

%% Created for Jo Daiber at 2012-09-17 11:56:15 +0200 

%% Saved with string encoding Unicode (UTF-8) 

@misc{strlearn,
	author = "Carreras, Xavier",
	date-added = "2012-09-17 11:45:16 +0200",
	date-modified = "2012-09-17 11:56:14 +0200",
	howpublished = "Lecture at Lisbon Machine Learning School 2012, \url{http://lxmls.it.pt/strlearn.pdf}",
	title = "{Learning Structured Predictors}",
	year = "2012"
}

@inproceedings{TjongKimSang:2003:ICS:1119176.1119195,
	acmid = "1119195",
	address = "Stroudsburg, PA, USA",
	author = "{Tjong Kim Sang}, Erik F. and {De Meulder}, Fien",
	bdsk-url-1 = "http://dx.doi.org/10.3115/1119176.1119195",
	booktitle = "{Proceedings of the seventh conference on Natural language learning at HLT-NAACL 2003 - Volume 4}",
	doi = "10.3115/1119176.1119195",
	location = "Edmonton, Canada",
	numpages = "6",
	pages = "142--147",
	publisher = "Association for Computational Linguistics",
	series = "{CONLL '03}",
	title = "{Introduction to the CoNLL-2003 shared task: language-independent named entity recognition}",
	url = "http://dx.doi.org/10.3115/1119176.1119195",
	year = "2003"
}

@inproceedings{Collins:2002:DTM:1118693.1118694,
	acmid = "1118694",
	address = "Stroudsburg, PA, USA",
	author = "Collins, Michael",
	bdsk-url-1 = "http://dx.doi.org/10.3115/1118693.1118694",
	booktitle = "{Proceedings of the ACL-02 conference on Empirical methods in natural language processing - Volume 10}",
	doi = "10.3115/1118693.1118694",
	numpages = "8",
	pages = "1--8",
	publisher = "Association for Computational Linguistics",
	series = "{EMNLP '02}",
	title = "{Discriminative training methods for hidden Markov models: theory and experiments with perceptron algorithms}",
	url = "http://dx.doi.org/10.3115/1118693.1118694",
	year = "2002"
}

@article{ner-sekine2007,
	added-at = "2009-11-06T17:24:59.000+0100",
	author = "Nadeau, David and Sekine, Satoshi",
	biburl = "http://www.bibsonomy.org/bibtex/231a3c28acfe2301ba810b2fccd1ea392/mirian",
	interhash = "2d9a1a5440885a8741a1686f344a9494",
	intrahash = "31a3c28acfe2301ba810b2fccd1ea392",
	journal = "Linguisticae Investigationes",
	keywords = "ie ner nlp survey",
	month = "January",
	note = "Publisher: John Benjamins Publishing Company",
	number = 1,
	pages = "3--26",
	timestamp = "2009-11-06T17:24:59.000+0100",
	title = "{A survey of named entity recognition and classification}",
	url = "http://www.ingentaconnect.com/content/jbp/li/2007/00000030/00000001/art00002",
	volume = 30,
	year = 2007
}

