%% This BibTeX bibliography file was created using BibDesk.
%% http://bibdesk.sourceforge.net/


%% Created for Jo Daiber at 2012-11-10 21:07:42 +0100 


%% Saved with string encoding Unicode (UTF-8) 


@comment{x-kbibtex-personnameformatting=<%l><, %f>}



@inproceedings{koehn2007moses,
	Author = {Koehn, P. and Hoang, H. and Birch, A. and Callison-Burch, C. and Federico, M. and Bertoldi, N. and Cowan, B. and Shen, W. and Moran, C. and Zens, R. and others},
	Booktitle = {Annual meeting-association for computational linguistics},
	Date-Added = {2012-11-10 21:07:34 +0100},
	Date-Modified = {2012-11-10 21:07:34 +0100},
	Number = {2},
	Pages = {2},
	Title = {Moses: Open source toolkit for statistical machine translation},
	Volume = {45},
	Year = {2007}}

@inproceedings{collins2002discriminative,
	Author = {Collins, M.},
	Booktitle = {{Proceedings of the ACL-02 conference on Empirical methods in natural language processing-Volume 10}},
	Date-Added = {2012-10-15 09:57:21 +0200},
	Date-Modified = {2012-10-15 09:57:21 +0200},
	Organization = {Association for Computational Linguistics},
	Pages = {1--8},
	Title = {{Discriminative training methods for hidden markov models: Theory and experiments with perceptron algorithms}},
	Year = {2002}}

@inproceedings{crammer2005scalable,
	Author = {Crammer, K. and McDonald, R. and Pereira, F.},
	Booktitle = {{NIPS Workshop on Learning With Structured Outputs}},
	Date-Added = {2012-10-15 09:39:44 +0200},
	Date-Modified = {2012-10-15 09:39:44 +0200},
	Title = {{Scalable large-margin online learning for structured classification}},
	Year = {2005}}

@article{nadeau2007survey,
	Author = {Nadeau, D. and Sekine, S.},
	Date-Added = {2012-10-14 12:39:19 +0200},
	Date-Modified = {2012-10-14 12:39:19 +0200},
	Journal = {Lingvisticae Investigationes},
	Number = {1},
	Pages = {3--26},
	Publisher = {John Benjamins publishing company},
	Title = {{A survey of named entity recognition and classification}},
	Volume = {30},
	Year = {2007}}

@article{goldberglearning,
	Author = {Goldberg, Y. and Elhadad, M.},
	Date-Added = {2012-10-14 12:38:58 +0200},
	Date-Modified = {2012-10-14 12:38:58 +0200},
	Title = {{Learning Sparser Perceptron Models}}}

@misc{strlearn,
	Author = {Carreras, Xavier},
	Date-Added = {2012-09-17 11:45:16 +0200},
	Date-Modified = {2012-09-17 11:56:14 +0200},
	Howpublished = {Lecture at Lisbon Machine Learning School 2012, \url{http://lxmls.it.pt/strlearn.pdf}},
	Title = {{Learning Structured Predictors}},
	Year = {2012}}

@inproceedings{TjongKimSang:2003:ICS:1119176.1119195,
	Acmid = {1119195},
	Address = {Stroudsburg, PA, USA},
	Author = {{Tjong Kim Sang}, Erik F. and {De Meulder}, Fien},
	Booktitle = {{Proceedings of the seventh conference on Natural language learning at HLT-NAACL 2003 - Volume 4}},
	Doi = {10.3115/1119176.1119195},
	Location = {Edmonton, Canada},
	Numpages = {6},
	Pages = {142--147},
	Publisher = {Association for Computational Linguistics},
	Series = {{CONLL '03}},
	Title = {{Introduction to the CoNLL-2003 shared task: language-independent named entity recognition}},
	Url = {http://dx.doi.org/10.3115/1119176.1119195},
	Year = {2003},
	Bdsk-Url-1 = {http://dx.doi.org/10.3115/1119176.1119195}}

@inproceedings{Collins:2002:DTM:1118693.1118694,
	Acmid = {1118694},
	Address = {Stroudsburg, PA, USA},
	Author = {Collins, Michael},
	Booktitle = {{Proceedings of the ACL-02 conference on Empirical methods in natural language processing - Volume 10}},
	Doi = {10.3115/1118693.1118694},
	Numpages = {8},
	Pages = {1--8},
	Publisher = {Association for Computational Linguistics},
	Series = {{EMNLP '02}},
	Title = {{Discriminative training methods for hidden Markov models: theory and experiments with perceptron algorithms}},
	Url = {http://dx.doi.org/10.3115/1118693.1118694},
	Year = {2002},
	Bdsk-Url-1 = {http://dx.doi.org/10.3115/1118693.1118694}}

@inproceedings{tksintro,
	Author = {{Tjong Kim Sang}, Erik F.},
	Booktitle = {{Proceedings of CoNLL-2002}},
	Editors = {Dan Roth and Antal van den Bosch},
	Pages = {155--158},
	Publisher = {Taipei, Taiwan},
	Title = {{Introduction to the CoNLL-2002 Shared Task: Language-Independent Named Entity Recognition}},
	Year = {2002}}

@inproceedings{Florian:2003:NER:1119176.1119201,
	Acmid = {1119201},
	Address = {Stroudsburg, PA, USA},
	Author = {Florian, Radu and Ittycheriah, Abe and Jing, Hongyan and Zhang, Tong},
	Booktitle = {{Proceedings of the seventh conference on Natural language learning at HLT-NAACL 2003 - Volume 4}},
	Doi = {10.3115/1119176.1119201},
	Location = {Edmonton, Canada},
	Numpages = {4},
	Pages = {168--171},
	Publisher = {Association for Computational Linguistics},
	Series = {{CONLL '03}},
	Title = {{Named entity recognition through classifier combination}},
	Url = {http://dx.doi.org/10.3115/1119176.1119201},
	Year = {2003},
	Bdsk-Url-1 = {http://dx.doi.org/10.3115/1119176.1119201}}
