@comment{x-kbibtex-personnameformatting=<%l><, %f>}

@inproceedings{TjongKimSang:2003:ICS:1119176.1119195,
	acmid = "1119195",
	address = "Stroudsburg, PA, USA",
	author = "{Tjong Kim Sang}, Erik F. and {De Meulder}, Fien",
	booktitle = "{Proceedings of the seventh conference on Natural language learning at HLT-NAACL 2003 - Volume 4}",
	doi = "10.3115/1119176.1119195",
	location = "Edmonton, Canada",
	numpages = "6",
	pages = "142--147",
	publisher = "Association for Computational Linguistics",
	series = "{CONLL '03}",
	title = "{Introduction to the CoNLL-2003 shared task: language-independent named entity recognition}",
	url = "http://dx.doi.org/10.3115/1119176.1119195",
	year = "2003"
}

@inproceedings{Collins:2002:DTM:1118693.1118694,
	acmid = "1118694",
	address = "Stroudsburg, PA, USA",
	author = "Collins, Michael",
	booktitle = "{Proceedings of the ACL-02 conference on Empirical methods in natural language processing - Volume 10}",
	doi = "10.3115/1118693.1118694",
	numpages = "8",
	pages = "1--8",
	publisher = "Association for Computational Linguistics",
	series = "{EMNLP '02}",
	title = "{Discriminative training methods for hidden Markov models: theory and experiments with perceptron algorithms}",
	url = "http://dx.doi.org/10.3115/1118693.1118694",
	year = "2002"
}

